<?xml version="1.0" encoding="UTF-8"?>
  <record xmlns="http://www.loc.gov/MARC21/slim" type="Authority">
    <leader>00000nz  a2200000nc 4500</leader>
    <controlfield tag="001">14014109X</controlfield>
    <controlfield tag="003">DE-101</controlfield>
    <controlfield tag="005">20220311161336.0</controlfield>
    <controlfield tag="008">091229n||aznnnaabn           | aaa    |c</controlfield>
    <datafield tag="024" ind1="7" ind2=" ">
      <subfield code="a">14014109X</subfield>
      <subfield code="0">http://d-nb.info/gnd/14014109X</subfield>
      <subfield code="2">gnd</subfield>
    </datafield>
    <datafield tag="035" ind1=" " ind2=" ">
      <subfield code="a">(DE-101)14014109X</subfield>
    </datafield>
    <datafield tag="035" ind1=" " ind2=" ">
      <subfield code="a">(DE-588)14014109X</subfield>
    </datafield>
    <datafield tag="035" ind1=" " ind2=" ">
      <subfield code="z">(DE-588a)14014109X</subfield>
      <subfield code="9">v:zg</subfield>
    </datafield>
    <datafield tag="040" ind1=" " ind2=" ">
      <subfield code="a">DE-12</subfield>
      <subfield code="c">DE-12</subfield>
      <subfield code="9">r:DE-12</subfield>
      <subfield code="b">ger</subfield>
      <subfield code="d">9999</subfield>
    </datafield>
    <datafield tag="042" ind1=" " ind2=" ">
      <subfield code="a">gnd1</subfield>
    </datafield>
    <datafield tag="075" ind1=" " ind2=" ">
      <subfield code="b">p</subfield>
      <subfield code="2">gndgen</subfield>
    </datafield>
    <datafield tag="075" ind1=" " ind2=" ">
      <subfield code="b">piz</subfield>
      <subfield code="2">gndspec</subfield>
    </datafield>
    <datafield tag="079" ind1=" " ind2=" ">
      <subfield code="a">g</subfield>
      <subfield code="q">a</subfield>
      <subfield code="q">f</subfield>
    </datafield>
    <datafield tag="100" ind1="1" ind2=" ">
      <subfield code="a">Wegner, Gottlieb</subfield>
      <subfield code="d">1675-1691</subfield>
    </datafield>
    <datafield tag="400" ind1="1" ind2=" ">
      <subfield code="a">Wegnerus, Gottlieb</subfield>
      <subfield code="d">1675-1691</subfield>
    </datafield>
    <datafield tag="400" ind1="1" ind2=" ">
      <subfield code="a">Wegnerus, Gotlibius</subfield>
      <subfield code="d">1675-1691</subfield>
    </datafield>
    <datafield tag="400" ind1="1" ind2=" ">
      <subfield code="a">Wegnerus, Gottlibius</subfield>
      <subfield code="d">1675-1691</subfield>
    </datafield>
    <datafield tag="400" ind1="1" ind2=" ">
      <subfield code="a">Wegener, Gottlieb</subfield>
      <subfield code="d">1675-1691</subfield>
    </datafield>
    <datafield tag="500" ind1="1" ind2=" ">
      <subfield code="0">(DE-101)121937631</subfield>
      <subfield code="0">(DE-588)121937631</subfield>
      <subfield code="0">https://d-nb.info/gnd/121937631</subfield>
      <subfield code="a">Wegner, Gottfried</subfield>
      <subfield code="d">1644-1709</subfield>
      <subfield code="4">bezf</subfield>
      <subfield code="4">https://d-nb.info/standards/elementset/gnd#familialRelationship</subfield>
      <subfield code="w">r</subfield>
      <subfield code="i">Beziehung familiaer</subfield>
      <subfield code="e">Beziehung familiaer</subfield>
      <subfield code="9">v:Vater</subfield>
    </datafield>
    <datafield tag="500" ind1="1" ind2=" ">
      <subfield code="0">(DE-101)140140794</subfield>
      <subfield code="0">(DE-588)140140794</subfield>
      <subfield code="0">https://d-nb.info/gnd/140140794</subfield>
      <subfield code="a">Wegner, Gottfried</subfield>
      <subfield code="d">1677-1691</subfield>
      <subfield code="4">bezf</subfield>
      <subfield code="4">https://d-nb.info/standards/elementset/gnd#familialRelationship</subfield>
      <subfield code="w">r</subfield>
      <subfield code="i">Beziehung familiaer</subfield>
      <subfield code="e">Beziehung familiaer</subfield>
      <subfield code="9">v:Bruder</subfield>
    </datafield>
    <datafield tag="548" ind1=" " ind2=" ">
      <subfield code="a">1675-1691</subfield>
      <subfield code="4">datl</subfield>
      <subfield code="4">https://d-nb.info/standards/elementset/gnd#dateOfBirthAndDeath</subfield>
      <subfield code="w">r</subfield>
      <subfield code="i">Lebensdaten</subfield>
    </datafield>
    <datafield tag="548" ind1=" " ind2=" ">
      <subfield code="a">29.08.1675-31.08.1691</subfield>
      <subfield code="4">datx</subfield>
      <subfield code="4">https://d-nb.info/standards/elementset/gnd#dateOfBirthAndDeath</subfield>
      <subfield code="w">r</subfield>
      <subfield code="i">Exakte Lebensdaten</subfield>
    </datafield>
    <datafield tag="550" ind1=" " ind2=" ">
      <subfield code="0">(DE-101)040581675</subfield>
      <subfield code="0">(DE-588)4058167-6</subfield>
      <subfield code="0">https://d-nb.info/gnd/4058167-6</subfield>
      <subfield code="a">Student</subfield>
      <subfield code="4">berc</subfield>
      <subfield code="4">https://d-nb.info/standards/elementset/gnd#professionOrOccupation</subfield>
      <subfield code="w">r</subfield>
      <subfield code="i">Charakteristischer Beruf</subfield>
    </datafield>
    <datafield tag="667" ind1=" " ind2=" ">
      <subfield code="a">12</subfield>
    </datafield>
    <datafield tag="667" ind1=" " ind2=" ">
      <subfield code="a">VD-17</subfield>
    </datafield>
    <datafield tag="672" ind1=" " ind2="0">
      <subfield code="a">Iusto Dolori, Quem Vir plurimum Reverendus ... Mag. Godofredus Wegnerus, Ecclesiastes Francofurti ad Oderam Lutheranus ... in luctuosa contumulatione Filiorum Dilectissimorum, Gotlibii &amp; Godofredi, Adolescentis ac Pueri ad magna natorum ... citius Bonorum omnium voto &amp; spe denatorum expertus est</subfield>
      <subfield code="f">1691</subfield>
    </datafield>
    <datafield tag="672" ind1=" " ind2="0">
      <subfield code="a">Trost-Reime An den WolEhrwürdigen, GroßAchtbahre[n], und Hochwolgelahrten, Herrn Gottfried Wegner, S. S. Theol. Candidatum, und Philosophiae Magistrum, bey der Ober Kirchen alhier zu Franckfurt Hochverdienten Prediger und Seelsorger, Und deszen Ehliebste ... Sophia Katharina Bredelohin ... Uber das ... Ableben, Ihrer beider Söhne Gottliebs, L. Art. &amp; Ling. Stud. Gebohren 1675. den 29 August. selig verstorben 1691 den 31. August. und den 4. Septembr. ... bestattet: Gottfrieds, der Drucker Kunst Ergebenen, gebohren 1677. den 28. Octobr. selig verschieden 1691. dne 23. Septembr. und begraben den 25. deßselben Monats</subfield>
      <subfield code="f">1691</subfield>
    </datafield>
    <datafield tag="672" ind1=" " ind2="0">
      <subfield code="a">Die Erste und Letzte Verrichtung Des nunmehr seelig ... ruhenden Hn. Gottlieb Wegners ... Gottfried Wegners ... Seel-Sorgers und Predigers bey der Ober Kirchen zu Franckfurt ältesten ... Sohnes, alß er den 31. Augusti des 1691 Jahres Durch einen frühzeitigen Tod von diser Welt abgefordert: haben schuldigst auff-setzen wollen</subfield>
      <subfield code="f">1691</subfield>
    </datafield>
    <datafield tag="672" ind1=" " ind2="0">
      <subfield code="a">Garamythiai super Obitu Sane praematuro, attamen perplacido, Filiorum ... Gottlibii Wegneri, Linguarum &amp; Bonarum Artium Studiosi, Academiae Candidati dignissimi, anno aetatis sextodecimo ex vitae huius calamitosae scena ad ineffabilem triumfantis Ecclesiae beatitatem, magno Sui desiderio relicto, avocati: Godofredi Wegneri, Arti Typographicae dediti, Fratrem aetatis anno quarto decimo, ex eodem vitae miseriis plenae Theatro, ad beatam sanctorum Angelorum societatem, mox insecuti: ad Moestissimum Parentem ... Godofredum Wegnerum, Theologum &amp; Philologum Eximium, Verbi Dei in Ecclesia Francofurtana Praeconem fidelissimum, &amp; optime meritum</subfield>
      <subfield code="f">1691</subfield>
    </datafield>
    <datafield tag="672" ind1=" " ind2="0">
      <subfield code="a">Cupressus Funebres ad Aedes Viri Plurimum Reverendi ... Gottfridi Wegneri, Theologi Eximii, Philosophiae Magistri Celeberrimi, inque Ecclesia Francofurtensi cis Viadrum Symmystae meritissimi, cum acerbe lugeret mense Augusto &amp; Sept. ... MDCXCI. exemptos rebus humanis ... obitu Filios ... Gottlibium, atque cognominem Gottfridum, pro testando luctu communi erectae</subfield>
      <subfield code="f">1691</subfield>
    </datafield>
    <datafield tag="672" ind1=" " ind2="0">
      <subfield code="a">Malagma Cordi Paterno faucio Viri plurimum Reverendi ... Gotfredi Wegneri, Presbyteri &amp; Verbi Ministri in Ecclesia Lutherana Francofurta ... ob insperatum obitum Filiorum ... Gottlibii, inguarum &amp; Humanitatis Cultoris perindustrii, nati Ao 1675. d. 29. Augusti ... hoc Ao 1691. d. 31. emigrantis, exuviis d. 4. Septembr. Christiano ritu terrae mandatis: Atque Gothfredi, Typograph. Arti dediti, nati A. 1677: d. 28. Octobr. &amp; pie denati h. A. d. 23. Septembr. ac honorifice d. 25. eiusdem mensis sepulti</subfield>
      <subfield code="f">1691</subfield>
    </datafield>
    <datafield tag="672" ind1=" " ind2="0">
      <subfield code="a">Manibus Beatissimis, Pientissimi, Summaeque Spei Adolescentis, Gottlibii, Wegneri, Francofurt. Marchici, Art. &amp; Linguarum studiosi, desideratissimi, Per improvisum, sed a Deo provisum beatum obitum, in ipso aevi primordio, doctrinae &amp; virtutis senio rariori, ex hac Vita d. 4. Septembr. Ao. 1691. evocati</subfield>
      <subfield code="f">1691</subfield>
    </datafield>
    <datafield tag="672" ind1=" " ind2="0">
      <subfield code="a">De Liberis Et Libris Sacerdotum Oratio, Vulgi Dicterio, Priester hinterlassen nur Bücher und Kinder, opposita</subfield>
      <subfield code="f">1697</subfield>
    </datafield>
    <datafield tag="675" ind1=" " ind2=" ">
      <subfield code="a">WBIS</subfield>
      <subfield code="a">LCAuth</subfield>
    </datafield>
    <datafield tag="678" ind1=" " ind2=" ">
      <subfield code="b">Student; Sohn des Theologen Gottfried Wegner (1644-1709); Linguarum &amp; Bonarum Artium Studiosus; Academiae Candidatus</subfield>
    </datafield>
    <datafield tag="913" ind1=" " ind2=" ">
      <subfield code="S">pnd</subfield>
      <subfield code="i">a</subfield>
      <subfield code="a">Wegner, Gottlieb</subfield>
      <subfield code="0">(DE-588a)14014109X</subfield>
    </datafield>
  </record>
